
@article{bardeen1957theory,
  title={Theory of superconductivity},
  author={Bardeen, John and Cooper, Leon N and Schrieffer, John Robert},
  journal={Physical review},
  volume={108},
  number={5},
  pages={1175},
  year={1957},
  publisher={APS}
}

@article{novoselov2005two,
  title={Two-dimensional gas of massless Dirac fermions in graphene},
  author={Novoselov, Kostya S and Geim, Andre K and Morozov, Sergei Vladimirovich and Jiang, Dingde and Katsnelson, Michail I and Grigorieva, IVa and Dubonos, SVb and Firsov, andAA},
  journal={nature},
  volume={438},
  number={7065},
  pages={197--200},
  year={2005},
  publisher={Nature Publishing Group}
}
